<record><leader>00000cas a22000007a 4500</leader><controlfield tag="001">19484537</controlfield><controlfield tag="008">890331d1862187umouwr ne      0    0eng d</controlfield><datafield ind1=" " ind2=" " tag="010"><subfield code="a">sn 89066426 </subfield></datafield><datafield ind1=" " ind2=" " tag="040"><subfield code="a">MQN</subfield><subfield code="b">eng</subfield><subfield code="c">MQN</subfield><subfield code="d">OCLCQ</subfield></datafield><datafield ind1=" " ind2=" " tag="042"><subfield code="a">msc</subfield></datafield><datafield ind1="0" ind2="4" tag="245"><subfield code="a">The Central Missouri advertiser.</subfield></datafield><datafield ind1=" " ind2=" " tag="260"><subfield code="a">Boonville, Mo. :</subfield><subfield code="b">Caldwell &amp; Stahl</subfield></datafield><datafield ind1=" " ind2=" " tag="300"><subfield code="a">v.</subfield></datafield><datafield ind1=" " ind2=" " tag="310"><subfield code="a">Weekly</subfield></datafield><datafield ind1="1" ind2=" " tag="362"><subfield code="a">Began in 1862.</subfield></datafield><datafield ind1=" " ind2=" " tag="588"><subfield code="a">Description based on: Vol. 1, no. 16 (Sept. 13, 1862).</subfield></datafield><datafield ind1=" " ind2=" " tag="752"><subfield code="a">United States</subfield><subfield code="b">Missouri</subfield><subfield code="c">Cooper</subfield><subfield code="d">Boonville.</subfield></datafield><datafield ind1="0" ind2="0" tag="780"><subfield code="t">Boonville weekly observer</subfield><subfield code="w">(DLC)sn 89066425</subfield></datafield><datafield ind1="0" ind2="0" tag="785"><subfield code="t">Boonville advertiser (Boonville, Mo. : 1872)</subfield><subfield code="w">(DLC)sn 85033830</subfield></datafield></record>